@ARTICLE{Aharon2006,
	author = {Aharon, M. and Elad, M. and Bruckstein, A.},
	journal = {Signal Processing, IEEE Transactions on},
	title = {{K-SVD: An Algorithm for Designing Overcomplete Dictionaries for Sparse Representation}},
	year = {2006},
	volume = {54},
	number = {11},
	pages = {4311-4322},
}
@ARTICLE{Demo,
	author = {某人甲 and 某人乙},
	journal = {某某学报},
	title = {{关于什么什么的论文}},
	year = {2006},
	volume = {54},
	number = {11},
	pages = {4311-4322},
	language={Chinese},
}